<collection xmlns="http://www.loc.gov/MARC21/slim">
   <record>
      <leader>03867cam a2200481 i 4500</leader>
      <controlfield tag="001">6803005</controlfield>
      <controlfield tag="003">OCoLC</controlfield>
      <controlfield tag="005">20150128103703.0</controlfield>
      <controlfield tag="008">140417t20152015caua     b    001 0 eng  </controlfield>
      <datafield ind1=" " ind2=" " tag="010">
         <subfield code="a">  2014015413</subfield>
      </datafield>
      <datafield ind1="7" ind2=" " tag="016">
         <subfield code="a">101630669</subfield>
         <subfield code="2">DNLM</subfield>
      </datafield>
      <datafield ind1=" " ind2=" " tag="020">
         <subfield code="a">9781597565554 (alk. paper)</subfield>
      </datafield>
      <datafield ind1=" " ind2=" " tag="020">
         <subfield code="a">1597565555 (alk. paper)</subfield>
      </datafield>
      <datafield ind1=" " ind2=" " tag="035">
         <subfield code="a">ocn878098812</subfield>
      </datafield>
      <datafield ind1=" " ind2=" " tag="040">
         <subfield code="a">DNLM/DLC</subfield>
         <subfield code="b">eng</subfield>
         <subfield code="e">rda</subfield>
         <subfield code="c">DLC</subfield>
         <subfield code="d">YDX</subfield>
         <subfield code="d">BTCTA</subfield>
         <subfield code="d">YDXCP</subfield>
         <subfield code="d">NLM</subfield>
         <subfield code="d">OCLCF</subfield>
         <subfield code="d">UAB</subfield>
         <subfield code="d">AEU</subfield>
      </datafield>
      <datafield ind1=" " ind2=" " tag="042">
         <subfield code="a">pcc</subfield>
      </datafield>
      <datafield ind1="0" ind2="4" tag="050">
         <subfield code="a">RD661</subfield>
         <subfield code="b">.C66 2015</subfield>
      </datafield>
      <datafield ind1="0" ind2="0" tag="060">
         <subfield code="a">2014 L-061</subfield>
      </datafield>
      <datafield ind1="1" ind2="0" tag="060">
         <subfield code="a">WE 707</subfield>
      </datafield>
      <datafield ind1="0" ind2="0" tag="082">
         <subfield code="a">616.99/491059</subfield>
         <subfield code="2">23</subfield>
      </datafield>
      <datafield ind1=" " ind2=" " tag="090">
         <subfield code="a">RD 661 C66 2015</subfield>
         <subfield code="b">AEU</subfield>
      </datafield>
      <datafield ind1="0" ind2="0" tag="245">
         <subfield code="a">Contemporary transoral surgery for primary head and neck cancer /</subfield>
         <subfield code="c">[edited by] Michael L. Hinni, MD, David G. Lott, MD.</subfield>
      </datafield>
      <datafield ind1=" " ind2="1" tag="264">
         <subfield code="a">San Diego, CA :</subfield>
         <subfield code="b">Plural Publishing, Inc.,</subfield>
         <subfield code="c">[2015]</subfield>
      </datafield>
      <datafield ind1=" " ind2="4" tag="264">
         <subfield code="c">©2015</subfield>
      </datafield>
      <datafield ind1=" " ind2=" " tag="300">
         <subfield code="a">xii, 251 pages :</subfield>
         <subfield code="b">illustrations (some color) ;</subfield>
         <subfield code="c">29 cm</subfield>
      </datafield>
      <datafield ind1=" " ind2=" " tag="336">
         <subfield code="a">text</subfield>
         <subfield code="2">rdacontent</subfield>
         <subfield code="0">http://id.loc.gov/vocabulary/contentTypes/txt</subfield>
      </datafield>
      <datafield ind1=" " ind2=" " tag="336">
         <subfield code="a">still image</subfield>
         <subfield code="2">rdacontent</subfield>
         <subfield code="0">http://id.loc.gov/vocabulary/contentTypes/sti</subfield>
      </datafield>
      <datafield ind1=" " ind2=" " tag="337">
         <subfield code="a">unmediated</subfield>
         <subfield code="2">rdamedia</subfield>
         <subfield code="0">http://id.loc.gov/vocabulary/mediaTypes/n</subfield>
      </datafield>
      <datafield ind1=" " ind2=" " tag="338">
         <subfield code="a">volume</subfield>
         <subfield code="2">rdacarrier</subfield>
         <subfield code="0">http://id.loc.gov/vocabulary/carriers/nc</subfield>
      </datafield>
      <datafield ind1=" " ind2=" " tag="504">
         <subfield code="a">Includes bibliographical references and index.</subfield>
      </datafield>
      <datafield ind1="0" ind2=" " tag="505">
         <subfield code="a">History of transoral surgery / Steven M. Zeitels -- Transoral endoscopic (inside-out) anatomy / Michael L. Hinni, David G. Lott, and Eric J. Moore -- Instrumentation and general techniques / Michael L. Hinni and David G. Lott -- Margin analysis and pathologic considerations / Michael L. Hinni and Eric J. Moore -- Transoral surgery for oral cavity cancer / Parul Sinha and Bruce H. Haughey -- Transoral surgery for tonsil and palatal carcinoma / Brittany E. Howard, Bruce H. Haughey, and Michael L. Hinni -- Transoral surgery for base-of-tongue carcinoma / Eric J. Moore and Bruce H. Haughey -- Transoral surgery for supraglottic larynx cancer / David G. Lott and Michael L. Hinni -- Transoral surgery for glottic and subglottic larynx cancer / David G. Lott, Matthew H. Rigby, and S. Mark Taylor -- Transoral surgery for hypopharyngeal cancer / Thomas H. Nagel, David G. Lott, and Bruce H. Haughey -- Complications of transoral surgery for head and neck cancer / Michael L. Hinni and Eric J. Moore -- Transoral surgery in the multidisciplinary setting / Samir H. Patel and Wade Thorstad -- Transoral surgery for chemoradiation failures / Matthew H. Rigby, Brian Nussenbaum, Michael L. Hinni, and David G. Lott -- Oncologic outcomes comparing transoral laser microsurgery, open surgery, and chemoradiation / Jason T. Rich and Bruce H. Haughey -- Functional outcomes of transoral surgery / David G. Lott, Lisa Crujido, and Brian Nussenbaum -- Reconstruction techniques for transoral surgery defects / Eric J. Moore and David G. Lott.</subfield>
      </datafield>
      <datafield ind1=" " ind2=" " tag="596">
         <subfield code="a">42</subfield>
      </datafield>
      <datafield ind1=" " ind2="0" tag="650">
         <subfield code="a">Head</subfield>
         <subfield code="x">Cancer</subfield>
         <subfield code="x">Surgery.</subfield>
         <subfield code="0">http://id.loc.gov/authorities/subjects/sh2010009356</subfield>
      </datafield>
      <datafield ind1=" " ind2="0" tag="650">
         <subfield code="a">Neck</subfield>
         <subfield code="x">Cancer</subfield>
         <subfield code="x">Surgery.</subfield>
         <subfield code="0">http://id.loc.gov/authorities/subjects/sh2010009862</subfield>
      </datafield>
      <datafield ind1="1" ind2="2" tag="650">
         <subfield code="a">Head and Neck Neoplasms</subfield>
         <subfield code="x">surgery.</subfield>
         <subfield code="0">http://id.nlm.nih.gov/mesh/D006258Q000601</subfield>
      </datafield>
      <datafield ind1="2" ind2="2" tag="650">
         <subfield code="a">Head and Neck Neoplasms</subfield>
         <subfield code="x">radiotherapy.</subfield>
         <subfield code="0">http://id.nlm.nih.gov/mesh/D006258Q000532</subfield>
      </datafield>
      <datafield ind1="2" ind2="2" tag="650">
         <subfield code="a">Otorhinolaryngologic Surgical Procedures</subfield>
         <subfield code="x">methods.</subfield>
         <subfield code="0">http://id.nlm.nih.gov/mesh/D013517Q000379</subfield>
      </datafield>
      <datafield ind1="1" ind2=" " tag="700">
         <subfield code="a">Hinni, Michael L.,</subfield>
         <subfield code="e">editor.</subfield>
         <subfield code="0">http://id.loc.gov/authorities/names/n2014183823</subfield>
         <subfield code="0">http://viaf.org/viaf/109146937706713831043</subfield>
      </datafield>
      <datafield ind1="1" ind2=" " tag="700">
         <subfield code="a">Lott, David G.,</subfield>
         <subfield code="e">editor.</subfield>
         <subfield code="0">http://id.loc.gov/authorities/names/n2014183824</subfield>
         <subfield code="0">http://viaf.org/viaf/308233705</subfield>
      </datafield>
      <datafield ind1=" " ind2=" " tag="758">
         <subfield code="0">http://worldcat.org/entity/work/id/23616104</subfield>
      </datafield>
      <datafield ind1="0" ind2=" " tag="787">
         <subfield code="n">OCLC Work Id</subfield>
         <subfield code="o">http://worldcat.org/entity/work/id/23616104</subfield>
      </datafield>
      <datafield ind1=" " ind2=" " tag="949">
         <subfield code="a">RD 661 C66 2015</subfield>
         <subfield code="c">1</subfield>
         <subfield code="h">UAHL-B</subfield>
         <subfield code="i">0162035239282</subfield>
      </datafield>
      <datafield ind1=" " ind2=" " tag="926">
         <subfield code="a">RD 661 C66 2015</subfield>
         <subfield code="w">LC</subfield>
         <subfield code="c">1</subfield>
         <subfield code="i">0162035239282</subfield>
         <subfield code="l">ON_SHELF</subfield>
         <subfield code="m">UAHLTHSC</subfield>
         <subfield code="p">$150.00</subfield>
         <subfield code="r">Y</subfield>
         <subfield code="s">Y</subfield>
         <subfield code="t">BOOK</subfield>
         <subfield code="u">2/11/2015</subfield>
      </datafield>
   </record>
</collection>
